@article{maa,
  title={Graph Colouring and Frequency Assignment},
  author={Gr{\"o}tschel, Martin and Eisenbl{\"a}tter, Andreas and Koster, Arie MCA}
}
@article{myref,
title="{International Journal of Advance Research in Science and Engineering}",
author="Veena Rani",
year="2018",
publisher="Ijarse",
}